%% Video game theory
@article{hamari2014playertypes,
  title={Player types: A meta-synthesis},
  author={Hamari, Juho and Tuunanen, Janne},
  journal={Transactions of the Digital Games Research Association},
  volume={1},
  number={2},
  year={2014}
}

@article{kallio2011gamermentalities,
	title={At least nine ways to play: Approaching gamer mentalities},
	author={Kallio, Kirsi Pauliina and M{\"a}yr{\"a}, Frans and Kaipainen, Kirsikka},
	journal={Games and Culture},
	volume={6},
	number={4},
	pages={327--353},
	year={2011},
	publisher={SAGE Publications Sage CA: Los Angeles, CA}
}

@article{benford2005pervasive,
	title={Bridging the physical and digital in pervasive gaming},
	author={Benford, Steve and Magerkurth, Carsten and Ljungstrand, Peter},
	journal={Communications of the ACM},
	volume={48},
	number={3},
	pages={54--57},
	year={2005},
	publisher={ACM}
}

@inproceedings{montola2005exploring,
	title={Exploring the edge of the magic circle: Defining pervasive games},
	author={Montola, Markus},
	booktitle={Proceedings of DAC},
	volume={1966},
	pages={103},
	year={2005}
}

@article{magerkurth2005pervasive,
	title={Pervasive games: bringing computer entertainment back to the real world},
	author={Magerkurth, Carsten and Cheok, Adrian David and Mandryk, Regan L and Nilsen, Trond},
	journal={Computers in Entertainment (CIE)},
	volume={3},
	number={3},
	pages={4--4},
	year={2005},
	publisher={ACM}
}

@inproceedings{bederson1995ar,
	title={Audio augmented reality: a prototype automated tour guide},
	author={Bederson, Benjamin B},
	booktitle={Conference companion on Human factors in computing systems},
	pages={210--211},
	year={1995},
	organization={ACM}
}

@article{yuen2011augmented,
	title={Augmented reality: An overview and five directions for {AR} in education},
	author={Yuen, S and Yaoyuneyong, Gallayanee and Johnson, Erik},
	journal={Journal of Educational Technology Development and Exchange},
	volume={4},
	number={1},
	pages={119--140},
	year={2011},
	publisher={Citeseer}
}

@inproceedings{kiefer2006systematically,
	title={Systematically exploring the design space of location-based games},
	author={Kiefer, Peter and Matyas, Sebastian and Schlieder, Christoph},
	booktitle={4th International Conference on Pervasive Computing},
	pages={183--190},
	year={2006}
}

@article{malone1981toward,
	title={Toward a theory of intrinsically motivating instruction},
	author={Malone, Thomas W},
	journal={Cognitive science},
	volume={5},
	number={4},
	pages={333--369},
	year={1981},
	publisher={Elsevier}
}

@article{benabou2003intrinsic,
	title={Intrinsic and extrinsic motivation},
	author={Benabou, Roland and Tirole, Jean},
	journal={The review of economic studies},
	volume={70},
	number={3},
	pages={489--520},
	year={2003},
	publisher={Oxford University Press}
}

@article{lepper2000motivation,
	title={Turning" play" into" work" and" work" into" play": 25 years of research on intrinsic versus extrinsic motivation.},
	author={Lepper, Mark R and Henderlong, Jennifer},
	year={2000},
	publisher={Academic Press}
}

%% Health
@article{uauy2001obesity,
	title={Obesity trends in Latin America: transiting from under-to overweight},
	author={Uauy, Ricardo and Albala, Cecilia and Kain, Juliana},
	journal={The Journal of nutrition},
	volume={131},
	number={3},
	pages={893S--899S},
	year={2001},
	publisher={Am Soc Nutrition}
}

@article{wang2011health,
	title={Health and economic burden of the projected obesity trends in the USA and the UK},
	author={Wang, Y Claire and McPherson, Klim and Marsh, Tim and Gortmaker, Steven L and Brown, Martin},
	journal={The Lancet},
	volume={378},
	number={9793},
	pages={815--825},
	year={2011},
	publisher={Elsevier}
}

@article{malik2013global,
	title={Global obesity: trends, risk factors and policy implications},
	author={Malik, Vasanti S and Willett, Walter C and Hu, Frank B},
	journal={Nature Reviews Endocrinology},
	volume={9},
	number={1},
	pages={13--27},
	year={2013},
	publisher={Nature Publishing Group}
}

@article{anderson2006childhood,
	title={Childhood obesity: trends and potential causes},
	author={Anderson, Patricia M and Butcher, Kristin F},
	journal={The Future of children},
	pages={19--45},
	year={2006},
	publisher={JSTOR}
}

@misc{WHOobesity,
	author = {{World Health Organization}},
	title = {{WHO} | Obesity and overweight},
	howpublished = {\url{http://www.who.int/mediacentre/factsheets/fs311/en/}},
	month = {June},
	year = {2016},
	note = {(Accessed on 2016-12-21)}
}

@misc{WHOphysical,
	author = {{World Health Organization}},
	title = {{WHO} | Physical Activity and Adults},
	howpublished = {\url{http://www.who.int/dietphysicalactivity/factsheet_adults/en/}},
	month = {},
	year = {n/a},
	note = {(Accessed on 2016-12-21)}
}
